@INPROCEEDINGS{Herczeg:2014:GL2D,
author={Z. Herczeg and K. Kosztyó and Sz. Ledán and Á. Kiss and A. Obzhirov and S. P. Placer and P. Jacquemart and G. Mudd and W. Abbas and J. Liang and M. Spencer and P. Robin},
booktitle={The 18th IEEE International Symposium on Consumer Electronics (ISCE 2014)},
title={Using GPU acceleration in the GL2D graphics engine},
year={2014},
volume={},
number={},
pages={1-2},
keywords={application program interfaces;graphics processing units;rendering (computer graphics);resource allocation;GPU acceleration;GL2D graphics engines;GPU accelerated code paths;workload sharing;CPU;embedded systems;OpenGL ES 2.0 support;application programming interface;rendering pipeline;Graphics processing units;Engines;Pipelines;Graphics;Libraries;Acceleration;Central Processing Unit;Graphics Engine;GPU acceleration},
doi={10.1109/ISCE.2014.6884444},
ISSN={0747-668X},
month={June},}
